@article{james2005,
year={2005},
issn={0033-3158},
journal={Psychopharmacology},
volume={182},
issue={1},
doi={10.1007/s00213-005-0084-6},
title={Effects of caffeine on performance and mood: withdrawal reversal is the most plausible explanation},
url={http://dx.doi.org/10.1007/s00213-005-0084-6},
publisher={Springer-Verlag},
keywords={Caffeine; Performance; Mood; Sleep restriction; Withdrawal reversal; Fatigue; Alertness},
author={James, JackE. and Rogers, PeterJ.},
pages={1-8},
language={English}
}

@ONLINE{ek,
author = "{Elinkeinoelämän keskusliitto}",
title = {Johda työkykyä, pidennä työuria - EK:n työkykyjohtamisen malli},
month = {March},
year = {2011},
url = {http://www.ek.fi/ek/fi/tutkimukset_julkaisut/2011/3_maalis/Tyokykyjohtamisenmalli.pdf}
}

@ONLINE{huffington,
author = "{Huffington Post Business}",
title = {Australian Company Offers Free Beer In Search To Hire Skilled Electricians},
month = {August},
year = {2012},
url = {http://www.huffingtonpost.com/2012/08/07/australian-company-free-beer-eric-scott-electrical_n_1750866.html}
}